<?xml version="1.0" encoding="UTF-8"?><record xmlns="http://www.loc.gov/MARC21/slim" xmlns:cinclude="http://apache.org/cocoon/include/1.0" xmlns:zs="http://www.loc.gov/zing/srw/">
  <leader>00750cz  a2200205n  4500</leader>
  <controlfield tag="001">n  79107243 </controlfield>
  <controlfield tag="003">DLC</controlfield>
  <controlfield tag="005">20151116125942.0</controlfield>
  <controlfield tag="008">790920n| azannaabn          |a aaa      </controlfield>
  <datafield tag="010" ind1=" " ind2=" ">
    <subfield code="a">n  79107243 </subfield>
    <subfield code="z">n 2015061202</subfield>
  </datafield>
  <datafield tag="035" ind1=" " ind2=" ">
    <subfield code="a">(OCoLC)oca00339195</subfield>
  </datafield>
  <datafield tag="040" ind1=" " ind2=" ">
    <subfield code="a">DLC</subfield>
    <subfield code="b">eng</subfield>
    <subfield code="e">rda</subfield>
    <subfield code="c">DLC</subfield>
    <subfield code="d">IAhCCS</subfield>
    <subfield code="d">DLC</subfield>
  </datafield>
  <datafield tag="100" ind1="1" ind2=" ">
    <subfield code="a">Huerta, Efraín,</subfield>
    <subfield code="d">1914-1982.</subfield>
    <subfield code="t">Works.</subfield>
    <subfield code="k">Selections</subfield>
  </datafield>
  <datafield tag="381" ind1=" " ind2=" ">
    <subfield code="a">Selections</subfield>
  </datafield>
  <datafield tag="400" ind1="1" ind2=" ">
    <subfield code="a">Huerta, Efraín,</subfield>
    <subfield code="d">1914-1982.</subfield>
    <subfield code="t">Antología poética</subfield>
  </datafield>
  <datafield tag="400" ind1="1" ind2=" ">
    <subfield code="a">Huerta, Efraín,</subfield>
    <subfield code="d">1914-1982.</subfield>
    <subfield code="t">Poesía, 1935-1968</subfield>
  </datafield>
  <datafield tag="400" ind1="1" ind2=" ">
    <subfield code="w">nnea</subfield>
    <subfield code="a">Huerta, Efraín,</subfield>
    <subfield code="d">1914-1982.</subfield>
    <subfield code="t">Selections</subfield>
  </datafield>
  <datafield tag="400" ind1="1" ind2=" ">
    <subfield code="a">Huerta, Efraín,</subfield>
    <subfield code="d">1914-1982.</subfield>
    <subfield code="t">Efraín Huerta en El Gallo ilustrado</subfield>
  </datafield>
  <datafield tag="670" ind1=" " ind2=" ">
    <subfield code="a">His Antología poética, c1977.</subfield>
  </datafield>
  <datafield tag="670" ind1=" " ind2=" ">
    <subfield code="a">His Poesía, 1935-1968, 1968.</subfield>
  </datafield>
</record>